@inproceedings{nix,
	author = {Dolstra, Eelco and de Jonge, Merijn and Visser, Eelco},
	title = {Nix: A Safe and Policy-Free System for Software Deployment},
	booktitle = {Proceedings of the 18th USENIX Conference on System Administration},
	series = {LISA '04},
	year = {2004},
	location = {Atlanta, GA},
	pages = {79--92},
	numpages = {14},
	url = {https://dl.acm.org/citation.cfm?id=1052676.1052686},
	acmid = {1052686},
	publisher = {USENIX Association},
	address = {Berkeley, CA, USA},
} 

@misc{ascon,
	author       = {Christoph Dobraunig and
	                Maria Eichlseder and
	                Florian Mendel and
	                Martin Schl{\"{a}}ffer},
	title        = {{Ascon} v1.2},
	howpublished = {Submission to the CAESAR competition: \url{https://competitions.cr.yp.to/round3/asconv12.pdf}},
	url          = {https://ascon.iaik.tugraz.at},
	year         = {2016},
}

@misc{caesar,
    title = {CAESAR: Competition for Authenticated Encryption: Security,
             Applicability, and Robustness},
    howpublished = {\url{https://competitions.cr.yp.to/caesar.html}},
}

@misc{nistlc,
    title = {NIST Lightweight Cryptography},
    howpublished = {\url{https://csrc.nist.gov/projects/lightweight-cryptography}},
}

@techreport{riscv,
    Author = {Waterman, Andrew and Lee, Yunsup and Patterson, David A. and AsanoviÄ‡, Krste},
    Title = {The {RISC-V} Instruction Set Manual, Volume {I}: User-Level {ISA}, Version 2.0},
    Institution = {EECS Department, University of California, Berkeley},
    Year = {2014},
    Month = {May},
    URL = {https://www2.eecs.berkeley.edu/Pubs/TechRpts/2014/EECS-2014-54.html},
    Number = {UCB/EECS-2014-54},
}

@InProceedings{sat,
    author="Stoffelen, Ko",
    editor="Peyrin, Thomas",
    title="Optimizing {S-Box} Implementations for Several Criteria Using {SAT} Solvers",
    booktitle="Fast Software Encryption",
    year="2016",
    publisher="Springer Berlin Heidelberg",
    address="Berlin, Heidelberg",
    pages="140--160",
    isbn="978-3-662-52993-5",
}

@unpublished{neon,
    title={Ascon: An attempt in {NEON} on the {Cortex-A8}},
    author={Bangma, No{\"e}l},
    note={Bachelor's thesis at Radboud University},
    year={2018},
}

@inproceedings{superoptimizer,
    author = {Massalin, Henry},
    title = {Superoptimizer: A Look at the Smallest Program},
    booktitle = {Proceedings of the Second International Conference on
                 Architectual Support for Programming Languages and Operating
                 Systems},
    series = {ASPLOS II},
    year = {1987},
    isbn = {0-8186-0805-6},
    location = {Palo Alto, California, USA},
    pages = {122--126},
    numpages = {5},
    url = {https://doi.org/10.1145/36206.36194},
    doi = {10.1145/36206.36194},
    acmid = {36194},
    publisher = {IEEE Computer Society Press},
    address = {Los Alamitos, CA, USA},
}

@inproceedings{aeadorder,
    author="Krawczyk, Hugo",
    editor="Kilian, Joe",
    title="The Order of Encryption and Authentication for Protecting Communications (or: How Secure Is SSL?)",
    booktitle="Advances in Cryptology --- CRYPTO 2001",
    year="2001",
    publisher="Springer Berlin Heidelberg",
    address="Berlin, Heidelberg",
    pages="310--331",
    isbn="978-3-540-44647-7",
}

@misc{benchmarkpaper,
    author = {Ankele, Ralph and Ankele, Robin},
    title = {Software Benchmarking of the 2$^{\text{nd}}$ round CAESAR
             Candidates},
    howpublished = {Cryptology ePrint Archive, Report 2016/740},
    year = {2016},
    note = {\url{https://eprint.iacr.org/2016/740}},
}

@misc{asconfpga,
    author = {William Diehl and Farnoud Farahmand and Abubakr Abdulgadir and
              Jens-Peter Kaps and Kris Gaj},
    title = {Face-off between the CAESAR Lightweight Finalists: ACORN vs.
             Ascon},
    howpublished = {Cryptology ePrint Archive, Report 2019/184},
    year = {2019},
    note = {\url{https://eprint.iacr.org/2019/184}},
}

@misc{asconm3,
    author = {Alexandre Adomnicai and Jacques J.A. Fournier and Laurent
              Masson},
    title = {Masking the Lightweight Authenticated Ciphers ACORN and Ascon
             in Software},
    howpublished = {Cryptology ePrint Archive, Report 2018/708},
    year = {2018},
    note = {\url{https://eprint.iacr.org/2018/708}},
}

@inproceedings{classicaead,
    title={Authenticated encryption: Relations among notions and analysis of
           the generic composition paradigm},
    author={Bellare, Mihir and Namprempre, Chanathip},
    booktitle={International Conference on the Theory and Application of
               Cryptology and Information Security},
    pages={531--545},
    year={2000},
    organization={Springer}
}
